2180 2857
202 270 247 296 20

198 345 479 397 supplementis
495 357 544 383 ex
567 343 712 382 Latino
730 343 770 381 in
793 333 985 382 Gallicum
1007 342 1187 381 translata
1210 351 1259 381 et·
1271 344 1309 382 in
1325 335 1621 400 fragmentorum
1643 344 1878 382 Salustisuo'-

200 418 287 444 rum
313 404 499 448 editione,
550 414 647 450 quae
671 408 756 452 post
781 402 919 439 Brossii
943 413 1139 439 excessum
1171 401 1408 452 prodiit-⁸¹),
1458 414 1506 440 ex
1536 399 1758 450 Mul-aum!
1768 402 1878 440 ‘rhe-

201 477 314 503 sauro
338 460 547 509 ceterisque
568 460 777 511 exemplis,
826 459 992 498 subiecta
1013 459 1198 497 lectionis
1204 460 1407 509 varietate,
1452 457 1661 511 diligenter:
1659 443 1880 509 stimulum

200 520 409 571 exscripta,
456 526 571 568 atque
594 531 645 557 ex
665 519 758 565 hac,
782 530 897 568 quam
919 519 1143 557 Gerlacbius
1156 522 1219 568 ⁸²)
1243 532 1394 573 quoque
1416 527 1455 558 et
1485 516 1754 566 Frotscher'us
1761 516 1880 567 'secuti

200 585 311 624 aunt,
348 591 370 615 a
391 577 630 615 Sehliitero
618 591 658 614 m
682 577 887 615 vernacula
911 578 1039 627 operis
1064 578 1255 625 Brossiaui
1276 577 1662 630 interpretationem)
1686 575 1880 636 aliquanto

200 636 447 685 negligentius
470 635 632 684 repetita
654 625 913 683 reperiuntur.

296 748 407 794 Quae
430 747 585 793 quidem
608 725 799 794 praesidia
827 759 944 801 quum
970 749 1017 784 ad
1041 748 1212 785 laborem
1237 742 1519 798 profligandum
1541 754 1655 796 atque
1677 745 1880 785 conficien-

200 804 327 841 dum
315 816 394 840 iam
412 803 562 840 dudum
589 816 890 853 comparassem,
938 804 1004 841 sed
1028 818 1111 843 rem
1135 811 1256 843 totam
1279 805 1321 842 iu
1353 810 1458 842 tanta
1487 817 1662 843 errorum
1697 803 1882 842 varietate

200 868 239 898 et:
262 862 488 916 opinionum
511 861 729 899 diversitate
765 862 813 898 ad
851 862 1039 911 liquidum
1071 862 1360 912 confessumque
1399 861 1589 913 perduci
1606 874 1717 915 posse
1726 853 1882 913 δουρο-

199 932 354 965 rarem,
404 919 544 956 abhinc
586 919 694 956 anuis
729 919 908 957 undecim
946 920 1189 970 necopiuauti
1232 920 1329 959 mibi
1360 918 1540 961 adfertur
1566 918 1770 964 Niebubrii
1797 919 1881 968 epi-

199 978 321 1023 stola,
371 977 522 1014 Romae
555 989 590 1014 a.
619 977 657 1014 d.
702 977 768 1013 VI.
813 977 999 1013 calendas
1040 979 1196 1043 Apriles
1235 991 1267 1014 a.
1315 979 1419 1023 1817.
1459 976 1566 1020 data,
1621 977 1661 1013 iu
1704 988 1781 1024 qua
1818 975 1882 1012 ille

199 1035 297 1072 mihi
320 1046 502 1081 perquam
521 1032 705 1070 benevole
729 1031 973 1080 significavit,
1019 1046 1060 1070 se
1083 1034 1124 1071 iu
1158 1046 1203 1071 ea
1237 1034 1485 1075 bibliothecae
1521 1033 1728 1070 vaticanae
1756 1038 1880 1083 parte,

201 1105 298 1141 quae
320 1091 556 1128 Bibliotheca
582 1089 844 1127 Alexandrina
868 1104 935 1127 seu
960 1090 1128 1146 Reginae
1151 1093 1361 1129 Succorum
1385 1097 1563 1134 vocetur,
1586 1091 1771 1140 reperisse
1799 1090 1883 1128 illas

202 1150 303 1198 ipsas
329 1149 485 1184 schedas
509 1148 806 1194 antiquissimas,
841 1161 890 1184 ex
910 1150 1044 1195 quibus
1067 1143 1217 1185 Salustii
1241 1148 1496 1199 Historiarum
1514 1147 1770 1195 fragmenta,
1787 1159 1882 1195 quae

204 1205 244 1243 in
266 1206 467 1243 Muratorii
491 1205 691 1243 Thesauro
715 1205 911 1258 legantur,
961 1207 1009 1242 ab
1034 1206 1115 1243 aliis
1138 1206 1364 1256 transcripta
1398 1212 1437 1244 et
1471 1204 1572 1245 edita
1602 1196 1700 1257 siut,
1747 1201 1882 1242 simul-

204 1277 278 1313 que
300 1264 442 1301 horum
468 1262 774 1311 fragmentorum
798 1270 945 1299 textum
973 1269 1049 1300 tam
1075 1271 1262 1302 accurate·
1272 1262 1468 1312 descripsit
1490 1262 1569 1299 sive
1593 1262 1735 1310 potitis
1749 1260 1883 1311 depin-

202 1323 279 1367 xit,
327 1328 372 1359 ut
394 1321 663 1372 apographum
681 1319 994 1369 perfectissimam
1024 1321 1233 1370 scripturae
1256 1321 1527 1358 vetustissimae
1547 1325 1585 1356 et
1603 1318 1885 1369 pulcherrimae

318 1464 376 1493 que
395 1454 463 1482 Lib.
482 1454 534 1482 tv.
555 1463 619 1491 cap.
641 1452 668 1481 5.
691 1455 780 1482 Tom.
800 1455 835 1481 11.
855 1464 885 1491 p.
908 1452 989 1481 146-
1002 1453 1066 1481 162.
1088 1459 1118 1481 et
1136 1463 1167 1491 p.
1187 1453 1254 1480 307.
1274 1455 1338 1482 sive
1362 1451 1432 1482 vol.
1457 1454 1504 1482 111.
1525 1464 1556 1492 p.
1578 1440 1734 1482 186--2os.
1759 1458 1790 1483 et
1808 1452 1881 1483 vol.

317 1502 368 1531 W.
387 1512 421 1540 p·
442 1502 490 1527 13.
529 1509 569 1528 ex
588 1499 735 1527 Schluteri
752 1501 1011 1538 interpretatione,
1050 1499 1280 1535 &agmentorum
1296 1493 1521 1540 'translationem
1539 1502 1680 1529 eontinet.

281 1575 334 1612 21)
372 1577 414 1604 Ita
433 1574 588 1613 inscripta:
630 1572 664 1602 C.
685 1568 817 1602 Sallustii
838 1573 935 1613 Crispi
954 1574 1151 1602 Historiarum
1169 1573 1353 1612 Fragmenta.
1392 1574 1539 1611 Divione,
1580 1574 1665 1604 1780.
1703 1573 1772 1605 Hoc
1791 1576 1824 1605 in
1842 1575 1883 1605 li-

319 1623 414 1661 bello,
454 1624 506 1663 qui
526 1622 676 1652 nonnullis
696 1616 794 1663 operis
813 1623 962 1652 Brossiani
982 1623 1127 1663 exemplis
1147 1622 1323 1652 sine‘titulo
1345 1622 1481 1653 adiectus
1507 1628 1570 1660 est,
1601 1628 1640 1663 p.
1666 1621 1784 1652 25-28.
1805 1629 1835 1653 et
1852 1634 1882 1664 1³·

319 1677 366 1704 33.
386 1675 475 1711 haec,
506 1674 543 1703 de
563 1674 672 1713 quibus
692 1675 819 1710 agimus,
841 1672 972 1701 Sallustii
991 1672 1151 1710 fragmenta
1169 1673 1355 1712 reperiuntur
1374 1682 1443 1701 cum
1460 1671 1637 1701 lectionilms
1656 1671 1792 1710 diversis,
1811 1683 1884 1713 quas

318 1734 379 1752 non
398 1730 460 1751 tam
480 1733 518 1751 ex
537 1722 658 1751 Dousae
678 1721 838 1761 opusculo,
880 1732 938 1760 quo
959 1721 1110 1749 Brossium
1129 1722 1256 1749 caruisse
1275 1730 1365 1760 supra
1383 1727 1445 1749 not.
1466 1719 1494 1748 6.
1521 1720 1627 1757 docui,
1667 1730 1757 1759 quam
1776 1731 1814 1750 ex
1831 1731 1883 1751 re-

319 1773 448 1802 centiore
468 1771 566 1811 aliqua
585 1771 705 1800 Salustii
725 1770 870 1807 editione,
910 1769 1105 1799 Freinshemii
1124 1768 1360 1809 Supplementis,
1401 1778 1476 1809 quae
1501 1768 1636 1798 Brossius
1659 1767 1769 1800 itidemv
1787 1769 1883 1800 colla-

318 1828 401 1849 turus
417 1827 494 1857 erat,
534 1829 654 1860 prorsus
674 1819 829 1858 neglectis,
869 1820 976 1858 petitas
997 1827 1061 1847 esse
1081 1827 1174 1856 appar
1159 1823 1213 1845 r.et

282 1895 333 1932 22)
371 1898 405 1925 ln
425 1895 544 1925 Salustii
563 1896 711 1934 editione,
751 1894 821 1925 vol.
841 1896 863 1924 1.
882 1906 914 1935 p.
935 1892 1002 1922 253
1022 1901 1088 1932 sqq
1108 1891 1162 1920 uhi
1178 1897 1279 1920 tamen
1298 1891 1331 1919 ιιι
1358 1894 1442 1918 textu
1466 1887 1697 1927 fragmentorum
1712 1890 1882 1923 nxhibqndo

319 1945 429 1983 pariter
447 1953 482 1972 ac
501 1944 643 1973 varietate
660 1944 825 1973 lectionum
843 1943 989 1972 enotanda
1008 1951 1092 1977 eam,
1132 1949 1208 1978 quae
1227 1940 1345 1968 criticos
1364 1937 1465 1974 decet,
1504 1937 1686 1975 diligentiam
1707 1948 1884 1980 magnopere

321 1991 481 2021 desiderari
499 2001 604 2032 passus
624 1999 684 2021 est:
723 1992 886 2032 eademque
906 1990 1055 2020 Gerlachii
1073 1989 1205 2026 incuria,
1243 1988 1277 2016 in
1295 1988 1333 2026 iis
1358 1987 1464 2024 etism,
1503 1996 1580 2027 quaa
1608 1985 1647 2016 de
1671 1986 1778 2018 borum
1802 1988 1884 2029 frag-

322 2046 488 2076 mentorum
506 2039 686 2070 editionibus
705 2051 745 2070 ex
763 2040 864 2070 libello
884 2049 951 2069 meo
971 2038 1134 2078 excerpsit,
1174 2037 1307 2065 maxime
1324 2035 1501 2075 conspicua,
1539 2036 1572 2064 in
1601 2045 1690 2064 causa
1720 2034 1809 2075 fuis,-
1832 2046 1885 2067 cm·

311 2087 443 2119 -Snlustii
461 2089 599 2127 editioni,
640 2099 657 2118 a
676 2089 851 2124 Frotscbero
872 2088 1030 2117 adornatae
1049 2093 1080 2116 et
1097 2084 1167 2115 Vol.
1187 2086 1209 2113 1.
1228 2096 1260 2124 p.
1280 2085 1350 2113 210.
1368 2093 1435 2124 sqq.
1474 2083 1545 2113 haec
1565 2084 1725 2123 ftagmenta
1746 2084 1883 2125 comple-

322 2147 396 2176 xae,
434 2138 592 2172 nonnullae
612 2138 719 2178 adsper
719 2145 857 2177 gerentur
875 2137 1038 2173 labeculae,
1079 2143 1156 2174 quae
1175 2132 1313 2162 editionis
1331 2132 1522 2161 Divionensis
1542 2142 1599 2173 ope
1611 2132 1776 2172 potuissent
1794 2132 1863 2162 elui.

284 2213 335 2251 23)
372 2214 445 2244 vid.
467 2213 618 2244 Sallust'
627 2225 641 2244 s
660 2215 765 2244 Romi
772 2214 859 2244 sche
879 2211 1109 2242 Geschichte
1134 2208 1229 2247 nach
1247 2208 1311 2237 De
1312 2207 1490 2248 Brosses,
1529 2216 1603 2235 von
1622 2205 1646 2234 J,
1668 2202 1734 2237 Ch.
1749 2205 1883 2237 sehin-

324 2269 379 2290 ter
432 2263 568 2292 vol-111.
589 2275 619 2302 p·
640 2263 799 2292 352-357.
839 2262 892 2290 ubi
910 2263 942 2288 in
963 2260 1068 2287 adnata
1070 2257 1202 2285 tionibus
1221 2266 1259 2286 ex
1278 2256 1388 2285 Brossii
1407 2265 1496 2295 opere
1524 2251 1671 2295 excerpti·
1695 2254 1768 2285 haec
1793 2254 1884 2285 Salu-

302 2311 374 2339 nii
393 2309 551 2349 fragmenta
569 2311 662 2341 literis
682 2310 851 2341 maiusculis
870 2318 1010 2350 expressa
1027 2306 1173 2346 leguntur.
