2180 2857
222 290 265 317 12

215 374 342 405 autem
369 363 678 409 PetriDanielis‚
723 363 885 399 'Puteani
910 369 947 399 et
970 362 1324 416 lacopijAugustiui
1338 366 1393 415 ‚de
1408 365 1896 413 ,Chevsnesdimnjggem-

217 423 375 475 poribus
397 424 542 459 non²ea
552 448 567 466 ,
618 433 690 469 qua
714 420 935 469 oportebat,
965 420 1226 470 diligentieex
1250 423 1389 478 iisdem„
1405 436 1486 461 esse
1506 422 1688 471 derivats.
1708 422 1798 470 {Eo
1812 434 1897 473 ma·

216 482 308 522 ioris
332 480 444 529 igitur
467 478 743 515 aestimandum
770 486 826 516 est
844 480 1064 528 exemplum
1090 481 1200 518 docta
1209 482 1426 534 Niebuhrii
1447 494 1564 519 manu
1586 494 1636 521 ex
1666 479 1900 529 ipsis—solue·

219 540 275 575 dis
300 536 558 574 vetustissimis
581 536 634 572 ita
658 536 917 585 descriptum,
967 543 1009 572 ut
1032 536 1080 572 de
1103 538 1279 585 antiquo.
1289 539 1499 588 scripturae
1521 550 1658 586 genere
1680 537 1819 576 ιοοῑῐιιο
1838 537 1901 574 iu·

219 588 354 638 dicari,
401 592 707 672 fragmentorum
734 600 880 638 textus,
928 594 1073 631 librarii
1098 595 1244 635 mendis
1269 608 1313 631 ac
1337 596 1481 633 lacunis
1504 596 1671 642 maxime
1702 593 1900 635 deforma-

215 659 299 695 tus,
346 651 485 688 certius
509 650 704 687 emendari
727 652 840 698 atque
862 644 1064 699 suppleri,
1076 657 1135 697 et,
1162 663 1237 698 quo
1263 652 1398 689 ordine
1418 652 1563 700 singnis
1576 649 1812 699 fragments
1819 662 1901 692 sese

220 709 461 758 exceperint,-
508 706 716 745 accuratius
740 706 889 745 definiri
921 708 1053 758 possit.
1109 709 1238 757 Atque
1270 716 1489 757 externum
1508 710 1674 757 quidem
1692 710 1903 759 scripturae

219 766 390 802 habitum
417 766 518 813 quod
545 764 710 817 attinet.
743 764 783 801 in
815 766 942 802 multis
978 766 1043 804 ille
1071 769 1117 803 sd
1140 766 1313 804 codicum
1337 753 1694 815 palimpsestorum,
1729 766 1901 810 Romu,

221 821 427 858 Mediolani
452 828 489 857 et
512 820 672 857 Taurini
695 828 936 869 repertorum
950 847 961 866 ,
982 820 1148 859 formam
1174 822 1353 872 proxime
1376 822 1592 868 accedit²⁶)
1603 848 1619 869 ,
1646 827 1758 870 atque
1781 820 1903 859 libra·

221 882 300 918 rius
310 897 326 925 ,‘
374 880 426 915 de
444 879 549 917 cuius
574 879 845 927 orthographia
868 880 910 916 in
931 879 1236 917 adnotationibus
1260 880 1436 916 subiectis
1458 880 1601 921 dicem,
1634 886 1781 916 textum
1804 878 1903 914 binis

221 938 261 973 in
285 935 453 984 qualibet
473 936 609 985 pagina
633 935 842 981 columnis,
888 949 938 981 ex
961 937 1097 985 quibus
1123 936 1211 973 deni
1233 943 1272 974 et
1292 938 1434 974 noveni
1455 937 1680 987 plerumque
1702 940 1905 986 supersunt

177 1013 196 1025 *-
221 1006 377 1038 versus,
425 1000 463 1030 et
486 993 666 1030 continua
689 996 897 1031 verborum
920 995 1038 1038 serie,
1087 995 1204 1032 literis
1228 996 1447 1032 minusculis
1466 1009 1545 1032 non
1569 995 1640 1031 nisi
1665 994 1719 1030 bis
1741 994 1904 1042 scriptu-

221 1064 289 1087 rae
312 1048 452 1085 unciali
473 1049 724 1096 interpositis5
769 1050 823 1083 ita
847 1052 1041 1094 exaravit,
1091 1058 1134 1087 ut
1158 1052 1275 1087 semel
1300 1052 1505 1087 tautum'iu
1528 1051 1619 1086 novi
1644 1049 1774 1098 capitis
1793 1050 1904 1098 prin-

214 1108 321 1156 ‘cipio
346 1107 494 1143 literam
516 1105 758 1155 grandiorem
779 1118 938 1155 eamque
964 1113 1071 1144 extra
1094 1105 1216 1143 lineae
1237 1102 1401 1156 spatium
1424 1107 1633 1156 proiectam
1655 1112 1828 1155 poneret,
1854 1106 1905 1143 li-

223 1172 391 1200 terarum
415 1164 458 1199 M
482 1170 519 1197 et
544 1163 580 1198 N
606 1161 797 1199 defectum
820 1164 960 1198 lineola
984 1164 1153 1211 apposita
1176 1160 1424 1211 significaret,
1470 1164 1748 1208 vocabulorum
1772 1158 1904 1211 termi-

224 1220 420 1259 nationem
447 1218 541 1256 BUS
564 1225 603 1255 et
625 1219 839 1256 encliticam
866 1214 976 1268 QUE
998 1220 1115 1258 literis
1142 1220 1183 1257 B·
1207 1228 1244 1259 et
1268 1221 1317 1270 Q·
1344 1220 1595 1270 exprimeret,
1641 1226 1759 1269 atque
1775 1218 1904 1259 literas

266 1280 326 1323 T,
355 1278 442 1322 OS,
469 1277 568 1320 UA,
595 1276 668 1312 UL
701 1284 739 1312 et
763 1276 838 1312 UO
869 1277 907 1311 in
941 1278 1016 1312 fine
1048 1290 1227 1313 versuum
1262 1280 1315 1314 ita
1347 1275 1609 1325 coniungere’t,
1656 1284 1701 1313 ut
1723 1277 1763 1312 in
1786 1288 1905 1312 unam

225 1279 387 1384 &uram
406 1334 661 1370 coalescerent
673 1334 745 1378 ²⁷).
793 1332 1008 1369 Permultos
1032 1340 1158 1370 autem
1185 1327 1324 1371 horum
1356 1336 1657 1384 fragmentorum
1694 1333 1817 1379 locos,
1862 1338 1907 1370 ut

225 1394 322 1430 nihil
345 1393 468 1428 dicam
491 1392 537 1426 de
559 1391 759 1427 columnae
777 1391 929 1437 quintae
952 1398 989 1428 et
1013 1398 1168 1426 octavae
1191 1391 1334 1428 laciniis
1341 1417 1365 1435 λ
1407 1403 1504 1438 quae
1527 1406 1549 1429 a
1574 1393 1763 1442 prioribus
1780 1391 1906 1427 'edito-

229 1451 331 1487 ribus
355 1449 548 1497 neglectae
577 1461 681 1484 nunc
714 1447 868 1483 demum
900 1448 1031 1484 ceteris
1064 1448 1267 1491 accedunt,
1315 1461 1363 1484 ex
1396 1449 1680 1487 accuratissimo
1707 1447 1908 1486 Niebuhrii

226 1507 446 1556 apographo
471 1506 533 1542 vel
557 1504 752 1542 evidenter
775 1503 911 1550 corrigi
934 1503 995 1538 vel
1014 1503 1261 1551 probabiliter
1283 1504 1429 1553 expleri
1452 1497 1638 1554 potuisse,
1682 1511 1795 1553 atque
1824 1510 1907 1540 ter·

194 1567 212 1584 ’
226 1568 320 1603 tium
344 1563 550 1614 praecipue
572 1561 855 1606 fragmentum,
904 1560 1007 1605 quod
1033 1571 1156 1604 neque
1180 1560 1464 1595 Freinshemius
1486 1572 1535 1595 ex
1559 1561 1706 1596 schedis
1725 1560 1812 1609 ipsis
1835 1573 1906 1609 pe—

227 1624 329 1659 nitus
353 1631 511 1662 eruere,
537 1628 658 1664 neque
685 1616 886 1652 Bimardus
910 1628 959 1652 ex
981 1616 1136 1656 vitioso,
1162 1627 1238 1661 quo
1261 1615 1459 1659 utebatur,
1497 1617 1676 1666 exemplo
1702 1618 1918 1655 Chevaneo-

231 1680 427 1718 restituere
448 1675 672 1718 valuerunt,
718 1685 857 1710 novam
884 1671 996 1720 plane
1020 1678 1057 1708 et
1080 1671 1201 1708 multo
1224 1672 1468 1719 integriorem
1492 1673 1626 1712 faciem
1650 1674 1827 1721 induisse,
1858 1688 1907 1713 ex
1960 1665 1965 1670 ⁶

230 1737 442 1775 diversitate
462 1733 690 1776 lectionum,
735 1743 850 1780 quam
876 1743 924 1766 ex
946 1729 1138 1778 prioribus
1164 1729 1389 1766 editionibus
1411 1739 1628 1779 excerptam
1653 1733 1907 1770 adnotationi-

230 1797 297 1833 bus
319 1792 475 1836 inserui,
496 1789 696 1828 manifesto
720 1788 928 1837 apparebit.
976 1787 1065 1834 Quo
1091 1787 1225 1823 ordine
1248 1801 1367 1838 porro
1391 1788 1485 1825 haec
1508 1788 1657 1826 Salustii
1681 1787 1905 1841 fragmenta,

230 1856 265 1892 id
291 1853 392 1902 quod
416 1852 464 1888 ad
489 1862 624 1887 eorum
648 1846 953 1884 emendationem
977 1852 1089 1893 atque
1113 1845 1406 1894 explicationem
1430 1846 1638 1895 plurimum
1662 1847 1831 1893 interest,
1865 1848 1906 1884 in

307 1964 358 2001 26)
398 1962 444 1994 (Ε.
463 1962 497 1992 P.
516 1963 538 1991 1.
558 1960 677 1989 Brunsii
695 1958 829 1999 Epistola
848 1958 886 1987 sd
905 1958 938 1986 Β.
959 1958 1171 1987 Kennicottum
1189 1957 1227 1986 de
1246 1957 1283 1986 Τ.
1305 1957 1386 1986 Livii
1404 1957 1599 1986 Historiarum
1624 1956 1692 1987 Lib.
1710 1955 1791 1987 xcl.
1810 1955 1904 1996 Frug-

345 2020 445 2043 mento
463 2024 495 2053 p.
515 2012 581 2041 333.
602 2018 654 2049 ιφ
667 2015 696 2038 et
716 2018 791 2048 quae
809 2007 853 2035 ibi
873 2007 1087 2036 adnotavimus.
1125 2005 1224 2045 Atque
1243 2006 1315 2035 haec
1333 2008 1404 2047 ipss.
1419 2006 1648 2045 fragmentorum
1673 2005 1905 2036 Sslustianorum

346 2072 415 2091 cum
433 2061 586 2091 codicibus
602 2058 752 2098 rescriptis
771 2056 933 2085 similitudo
952 2055 1064 2093 effecit,
1086 2063 1119 2084 ut
1138 2055 1282 2092 codicem,
1303 2065 1341 2084 ex
1360 2065 1420 2096 quo
1439 2054 1657 2084 Freinshemius
1675 2054 1727 2084 ills
1739 2054 1907 2096 depromp-

346 2112 425 2149 serit,
463 2110 567 2140 itidem
586 2109 676 2137 fuisse
693 2106 929 2147 palimpsestum,
968 2105 1039 2133 olim
1059 2105 1266 2134 existimarem.

306 2188 361 2224 27)
398 2186 677 2217 Vidermlin.
699 2187 745 2215 11.
767 2185 951 2215 mvn-lim
973 2186 1088 2215 12.1·.F
1109 2166 1354 2220 1V.lin,7.r.F
1374 2179 1679 2212 N.li...n4etv11
1707 2178 1829 2210 Rn.14.
1856 2179 1904 2210 Fr

345 2238 410 2266 vu.
430 2237 485 2264 lin.
505 2236 534 2264 3.
556 2242 641 2275 atque
660 2235 709 2263 Fr.
728 2235 793 2263 vu.
813 2233 866 2263 lin.
889 2234 936 2262 18.
957 2244 1031 2273 qnos
1049 2234 1133 2262 locos
1153 2242 1222 2260 cum
1242 2228 1664 2260 F121.11n.7.0t2o⁴.ubi
1674 2227 1812 2257 librarius
1834 2227 1905 2257 lite-

346 2294 393 2313 rss
412 2282 592 2313 minusculas
611 2282 768 2312 admiscuit
793 2281 977 2319 maiusculis,
1017 2283 1049 2311 in
1068 2280 1169 2310 tabula
1187 2278 1398 2319 lithographics
1418 2277 1550 2308 exhiberi
1567 2277 1718 2308 iussimus.
1753 2277 1905 2307 Praeterea

348 2332 386 2362 de
405 2332 637 2361 conformatione
654 2331 805 2362 literarum
822 2331 858 2368 B,
879 2330 904 2359 F
923 2336 952 2360 et
971 2331 1000 2360 Η
1019 2330 1153 2359 conseras
1173 2327 1265 2359 velim
1283 2334 1345 2357 not.
1364 2326 1414 2358 24.
