2180 2857
1902 300 1947 335 25

379 442 482 483 Haec
505 446 695 485 hactenus.
742 448 914 485 Alteram
938 448 1038 485 enim
1058 447 1167 486 huius
1192 447 1685 496 commentationis—partem
1694 473 1710 492 ,
1760 455 1860 494 quae·
1879 447 1948 481 ad·

284 503 491 551 notationea
514 504 661 540 criticae
685 504 835 541 iamiam
861 504 1050 540 absolutae
1071 505 1275 542 continebit
1298 511 1411 552 atque
1436 517 1522 540 cum
1547 503 1680 549 altera,
1708 515 1821 550 quam
1849 514 1949 538 nunc

285 560 497 606 ειιιίοἰιιιω,
545 573 705 609 operum
729 561 1026 615 salustianos-um
1050 563 1201 600 editioni
1233 575 1258 599 a
1281 562 1507 599 Frotsclxero
1531 561 1726 597 inchoatae
1747 559 1950 606 aliquando

286 618 498 661 adiicietur,
546 630 620 665 quo
647 617 771 654 minus
793 618 866 654 boc
889 626 1060 677 tempore
1083 620 1287 664 addamus,
1337 618 1568 665 angustiores
1600 617 1811 664 impediunt
1842 616 1949 652 limi·

286 682 363 720 tea,
377 667 522 723 quibus
548 673 644 709 hanc
667 674 906 723 scriptionem
929 688 1102 713 coercere
1125 675 1343 712 neces-itate
1370 674 1551 721 cogimur.
1599 673 1727 721 ltaque
1752 674 1845 709 illud
1861 685 1950 720 aga-

285 742 393 775 mus,
442 730 542 777 quod
568 743 685 773 unum
709 732 816 768 nobie
838 738 973 777 restat,
1022 739 1066 768 ut
1088 733 1126 768 in
1151 732 1250 768 diem
1272 730 1520 779 perendinum
1542 730 1749 766 indicamus
1770 730 1949 766 anniver-

285 787 383 824 aaria
404 787 564 828 Scholae
588 787 754 824 Afranae
775 789 976 832 sollennia,
1025 802 1070 825 eo
1095 790 1237 825 maiore
1272 788 1410 836 pietate
1434 794 1471 824 et
1493 787 1672 834 religione
1708 777 1945 830 celebranda,

287 856 361 898 quo
385 844 598 883 uberiorem
624 845 731 879 nobis
756 844 1045 886 beneficiorum,
1080 856 1175 890 quae
1201 855 1271 892 per
1296 844 1500 891 superioris
1522 855 1671 890 quoque
1695 843 1784 878 anni
1808 842 1948 878 decur-

286 907 370 938 ἰιιιιι
391 900 556 950 plurima
580 913 624 937 ac
647 900 813 936 maxima
836 900 1047 948 accepimus
1058 926 1074 944 ‚
1122 900 1332 936 recordatio
1350 900 1513 936 laetandi
1536 907 1574 935 et
1596 899 1809 946 gratulandi
1825 907 1950 935 mate-

286 958 383 994 riam
405 956 610 1005 praebebit
658 956 827 998 Etenim,
876 963 918 991 ut
941 955 1014 991 alia
1036 962 1204 1001 taceam,
1230 968 1326 1003 quae
1348 956 1482 1005 insigni
1504 957 1654 1004 Regia
1687 959 1759 994 Au
1767 957 1949 1004 gustis-

287 1013 394 1050 aimi
432 1014 551 1062 gratia
597 1019 634 1049 et
670 1012 830 1062 provida
873 1012 1028 1049 Summ
1040 1025 1174 1050 orum
1209 1012 1473 1058 Virorum,
1519 1014 1653 1062 quibua
1686 1015 1842 1050 scholae
1876 1027 1949 1050 no-

287 1077 386 1107 strae
424 1070 583 1106 salutem
624 1069 877 1106 concreditam
918 1080 998 1104 ease
1030 1070 1260 1120 gaudemus,
1308 1083 1401 1106 cura
1438 1071 1545 1106 nobis
1581 1071 1817 1117 contigerunt
1849 1071 1950 1107 haud

287 1126 415 1176 paullo
440 1125 604 1169 maiora,
628 1124 845 1173 nuperrime
869 1123 955 1160 Viri
975 1123 1219 1162 Illustriaeimi
1243 1132 1280 1162 et
1304 1127 1611 1172 Generosissimi,
1664 1128 1841 1164 Detlev
1866 1129 1952 1164 Co-

287 1195 384 1219 mea
416 1183 471 1218 ab
497 1181 744 1217 Einaiedel
774 1187 885 1227 atque
914 1179 1123 1216 Ioannes
1154 1182 1407 1228 Augustus
1439 1183 1766 1230 Fiirchtegott
1792 1197 1814 1219 a
1837 1184 1953 1219 Glo-

287 1239 390 1287 big,
439 1250 487 1274 ex
510 1237 705 1273 voluntate
731 1248 888 1280 eorum,
938 1236 1003 1283 qui
1030 1236 1070 1271 in
1103 1236 1297 1273 Britannia
1324 1238 1398 1273 hoc
1429 1245 1565 1285 agunt,
1611 1246 1655 1275 ut
1686 1240 1870 1276 librorum
1894 1252 1955 1276 aa-

289 1307 442 1331 crorum
475 1295 639 1329 studium
671 1293 770 1339 apud
803 1298 953 1328 exteros
989 1304 1139 1338 quoque
1177 1300 1408 1341 propagetur
1438 1302 1476 1331 et
1507 1295 1729 1340 adiuvetur,
1781 1296 1953 1332 undecim

289 1351 439 1388 Veteris
462 1362 506 1385 ac
528 1351 601 1385 tria
624 1348 726 1384 Novi
746 1348 980 1384 Testamenti
1004 1348 1200 1396 exempla,
1249 1356 1431 1398 typorum
1453 1357 1564 1398 atque
1589 1347 1804 1388 chartarum
1829 1352 1951 1400 splen·

290 1411 383 1446 dore
404 1409 570 1445 maxime
594 1407 815 1454 conspicua,
842 1405 1008 1443 muueris
1033 1406 1160 1442 eximii
1181 1407 1266 1443 loco
1288 1407 1337 1443 ad
1361 1421 1431 1444 noa
1453 1409 1753 1445 transmiserunt.
1800 1409 1951 1445 Horum

288 1467 402 1515 igitur
425 1465 520 1500 bina.
536 1463 735 1512 quotannis
759 1461 822 1497 vel
847 1468 977 1505 terna,
1027 1462 1193 1509 exceptis
1213 1462 1280 1506 iia,
1317 1475 1435 1509 quae,
1472 1477 1521 1500 ne
1544 1464 1653 1500 huius
1679 1464 1847 1501 beneficii
1868 1476 1952 1501 me-

289 1522 412 1559 moria
431 1532 598 1567 unquam
622 1518 874 1562 abolesceret,
924 1517 963 1552 in
988 1516 1137 1564 publica
1158 1517 1316 1555 scholae
1338 1519 1506 1555 Asa-anae
1530 1516 1753 1557 bibliotheca
1775 1520 1950 1569 reposui-

290 1592 394 1622 mua,
441 1577 628 1625 discipuli·
652 1569 859 1621 theologiae
883 1586 1038 1621 operam
1063 1574 1277 1618 navaturia,
1311 1576 1375 1621 qui
1396 1576 1542 1623 linguae
1566 1578 1762 1613 hebraicae
1785 1585 1823 1613 et
1843 1590 1951 1625 grae-

291 1647 357 1672 cae
379 1633 531 1670 scientia
553 1632 684 1669 ceteris
716 1626 926 1675 excellunt,
975 1629 1232 1677 praemiorum
1265 1630 1349 1666 loco
1379 1632 1652 1679 decernentur,
1701 1634 1953 1683 accedentque

291 1691 425 1728 annuis
456 1690 528 1725 illia
560 1688 756 1737 praemiis,
803 1699 900 1733 quae
944 1686 1176 1723 Virorum
1232 1687 1809 1735 praestantissimorum,
1859 1704 1953 1739 quoa

292 1746 391 1785 Afra
413 1745 602 1792 quondam
626 1744 710 1779 ainu
737 1754 804 1779 suo
829 1742 942 1787 fovit,
990 1742 1212 1778 liberalitate
1236 1754 1279 1779 ac
1303 1745 1558 1782 munificentia
1581 1753 1666 1782 ante
1703 1747 1773 1782 hos
1808 1755 1952 1795 septem

293 1816 411 1840 annos
442 1802 494 1838 ita
523 1807 610 1837 sunt
640 1801 860 1844 constituta,
909 1806 952 1835 ut
983 1800 1224 1835 alumnorum
1264 1797 1469 1847 Regiorum
1503 1803 1623 1838 studia
1655 1804 1701 1838 ad
1733 1805 1881 1840 virtutis
1914 1813 1952 1841 et

292 1861 484 1897 doctrinae
508 1857 619 1894 decus
654 1857 905 1906 appetendum
929 1854 1047 1903 magia
1071 1856 1263 1904 magiaque
1286 1858 1548 1898 excitarentur.
1595 1860 1722 1905 Atque
1746 1860 1833 1896 huic
1856 1874 1951 1897 con-

293 1917 375 1954 silio
400 1927 581 1964 perquam
604 1914 780 1949 laudabili
803 1919 978 1948 eventum
1005 1912 1152 1958 egregie
1174 1913 1428 1960 respondisse,
1475 1926 1540 1960 per
1562 1915 1656 1950 haec
1679 1916 1813 1958 etiam,
1854 1929 1951 1964 quae

294 1984 396 2010 nunc
418 1983 533 2019 quum
558 1971 721 2006 maxime
745 1980 941 2018 paramus,
987 1968 1170 2003 sollennia
1192 1970 1343 2015 publice
1367 1964 1600 2006 testabu‘ntur
1634 1971 1762 2007 decem
1796 1973 1951 2009 iuvenes

294 2028 402 2066 nobie
424 2028 464 2078 in
489 2027 719 2074 disciplinam
741 2025 889 2069 traditi,
939 2024 1002 2071 qui
1027 2030 1064 2058 et
1086 2023 1157 2070 ipsi
1189 2025 1305 2060 animi
1328 2027 1523 2072 gratissimi
1557 2039 1668 2062 sensu
1695 2027 1863 2075 perfusi,
1913 2037 1953 2066 et

296 2084 506 2122 communia
530 2084 700 2120 omnium
726 2081 872 2131 pietatis
899 2080 1120 2128 interpretes
1149 2078 1269 2116 futuri
1301 2082 1549 2118 oratiunculae
1573 2090 1612 2119 et
1633 2085 1825 2131 carmina,
1874 2099 1952 2124 non

296 2143 367 2182 nisi
388 2141 527 2191 passim
550 2138 705 2177 manum
730 2138 1018 2176 emendatricem
1041 2144 1219 2184 experta,
1250 2137 1324 2174 hoc
1347 2139 1519 2187 deinceps
1542 2142 1674 2177 ordine
1696 2143 1928 2180 recitabunt·

299 2221 544 2257 Gustavus
569 2217 813 2254 Henricus
838 2215 1090 2258 Waetzel,
1138 2196 1379 2260 Drcsdcnsis,
1414 2215 1453 2251 in
1476 2216 1689 2253 scholarum
1714 2218 1952 2266 publicarum

412 2265 508 2303 flore
530 2265 678 2302 unicam
706 2264 937 2311 eandemque
962 2260 1189 2297 uberrimam
1214 2261 1354 2307 patriae
1377 2275 1483 2310 spem
1510 2276 1592 2301 esse
1616 2267 1836 2313 repositam,

878 2310 1047 2345 oratione
1067 2308 1183 2342 latina
1205 2308 1366 2343 docebit.
