2180 2857
222 275 270 308 24

219 361 429 397 Carolus
456 359 573 394 Otto
598 369 619 392 a
642 357 813 404 Kyaw,
840 353 1098 397 Dubenensis,
1120 354 1358 403 praeclarum
1384 354 1531 402 'I'iedgti
1550 356 1662 394 illudg
1701 359 1777 393 ‚Die
1799 357 1892 394 Εὶη-

313 406 465 442 samkeit
488 405 575 441 ruht
599 405 639 439 in
663 403 730 439 cler
754 403 865 439 Fluth
889 402 953 438 des
974 401 1234 452 ‘Weltgewiihls
1242 426 1257 445 ,
1282 402 1349 436 wie
1371 402 1451 437 eine
1471 403 1580 448 stille,
1602 402 1803 455 verborgne

565 450 852 494 Friedensinsel,
904 449 1071 486 carmine
1094 448 1308 496 germanico
1331 445 1561 501 explicabit.⁴

218 523 501 560 Ludovicus
526 522 838 558 Guilielmus·
852 522 1069 568 Lorenz,
1097 519 1329 568 nastensis,
1375 532 1482 569 spem
1518 521 1707 562 saxoniae
1736 522 1894 561 laetissi-

313 583 416 607 mam
440 569 487 605 de
524 570 555 606 F
568 569 640 606 rid
654 569 785 605 erico
814 573 1028 615 Augusto
1054 570 1081 601 A
1096 566 1279 615 lberto,
1328 564 1502 616 Principe
1533 569 1663 614 recens
1694 575 1798 613 nato,

412 617 635 664 nuperrime
654 621 874 663 conceptam
900 614 1067 649 carmine
1084 613 1202 648 latino
1228 625 1348 660 eoque
1364 613 1484 662 lyrico
1502 614 1708 662 eloquetur.

220 689 471 726 Henricus
495 689 599 725 Rud
612 688 723 735 olph
738 700 789 722 us
813 700 834 722 a
859 688 1029 735 Kyaw,
1054 686 1296 730 Dresdensis,
1321 686 1496 723 fiduciam
1522 688 1561 723 in
1593 687 1796 731 *hominum*
1815 687 1896 723 vir-

316 742 396 771 tute
418 743 455 771 et
477 735 665 783 probitate
690 735 907 769 collocatam
936 733 1171 768 uberrimum
1200 744 1313 767 verae
1338 732 1522 770 felicitatis
1542 732 1688 771 fontem
1712 746 1802 776 esse,

711 782 880 815 oratione
905 779 1110 815 vernacula
1133 779 1417 818 demonstrabit.

221 845 532 890 Hei-mannus
552 852 801 889 Gustavus
821 852 856 888 H
871 851 1138 897 oelemann‚
1151 850 1897 901 Baudensis,praematuram'l'zschir-

317 899 440 936 neri'
463 906 647 942 mortem,
695 912 791 946 quae
824 912 901 934 non
935 899 1075 934 amicos
1099 902 1243 934 tantum
1281 899 1516 945 patriamque
1546 911 1802 943 communem,

378 946 718 981 aed-Germaniam
744 945 961 980 universam
987 944 1149 985 adflixit,
1200 946 1310 979 nenia
1336 944 1511 979 hebraica
1535 943 1746 994 deplorabit
1767 962 1770 964 ·

550 998 587 1027 et
614 991 867 1038 germanicam
889 990 966 1037 eius
988 990 1337 1038 interpretationem
1366 990 1575 1038 subiunget.

223 1065 262 1101 H
274 1077 293 1100 e
304 1077 371 1101 rm
382 1076 442 1107 ann
453 1076 478 1099 n
489 1076 513 1098 u
524 1076 540 1097 s
566 1063 608 1097 M
618 1075 636 1096 a
650 1075 671 1097 u
682 1063 721 1097 ri
734 1068 747 1096 t
758 1062 769 1096 i
780 1074 802 1096 u
813 1074 829 1095 s
858 1054 887 1095 B
900 1074 921 1095 u
932 1061 954 1095 d
965 1060 977 1095 i
988 1073 1007 1095 c
1018 1061 1043 1095 h
1053 1085 1063 1103 ‚
1087 1061 1357 1096 Muscaviensis
1367 1088 1377 1103 ‚
1404 1063 1635 1108 aequabilem
1661 1063 1775 1099 animi
1794 1070 1899 1101 tran·

498 1108 717 1157 quillitatem
745 1106 911 1143 carmine
934 1118 1069 1154 graeco
1094 1119 1214 1154 eoque
1232 1107 1345 1155 elegia
1352 1120 1394 1143 co
1419 1109 1632 1144 celebrabit.

228 1185 426 1219 Christo
438 1183 527 1228 pho
541 1195 618 1217 rus
645 1182 881 1229 Arndtius
917 1194 936 1215 a
949 1182 971 1216 b
1002 1181 1176 1229 Egidy,
1201 1182 1491 1225 Ottersitiensis,
1523 1181 1652 1216 futura
1677 1194 1762 1216 cum
1786 1194 1900 1229 prae-

320 1230 438 1263 teritis
457 1228 642 1262 artissima
661 1228 934 1261 necessitudine
952 1228 1150 1273 coniungi,
1177 1227 1347 1276 oratione
1370 1228 1572 1262 vernacula
1592 1226 1812 1279 declarabit„

230 1300 441 1337 Carolus
467 1299 671 1334 Emilius
695 1299 854 1333 Mares
867 1297 1060 1333 challus
1085 1310 1106 1332 a
1131 1297 1456 1342 Bieberstein,
1482 1293 1797 1345 Leucopetraeu's,
1816 1300 1898 1348 ipso

324 1347 414 1382 anni
437 1352 610 1393 tempore
636 1345 847 1381 admonitus
873 1356 1082 1379 messorum
1107 1344 1255 1379 labores
1281 1350 1318 1379 et
1341 1344 1488 1380 delicias
1507 1346 1673 1389 carmine
1689 1345 1805 1382 latino

802 1404 920 1438 eoque
945 1392 1105 1440 elegiaco
1129 1390 1323 1427 describet.

230 1466 515 1503 Fridericus
539 1463 784 1498 Henricus
810 1462 963 1501 Iulius
989 1463 1147 1497 Bruno
1172 1474 1193 1497 a
1215 1461 1448 1506 Larisch,
1475 1463 1701 1510 Haynensis,
1728 1464 1900 1503 Schilleri

323 1523 497 1548 versum:
547 1511 617 1546 Εἰη
637 1521 780 1559 grosses
804 1511 906 1544 Hcrz
929 1509 1034 1562 kann
1056 1510 1115 1543 nie
1137 1508 1207 1543 das
1237 1509 1408 1558 Unglic'ck
1430 1509 1567 1558 beugen
1577 1536 1591 1553 ,
1642 1511 1808 1547 carmine

852 1567 1067 1600 germanico
1093 1562 1270 1599 exponet.

231 1633 260 1668 F
273 1644 291 1667 e
303 1630 352 1667 rd
364 1630 375 1666 i
387 1642 409 1665 n
421 1642 440 1665 a
453 1642 476 1664 n
489 1628 510 1663 d
526 1630 575 1664 u's
608 1626 643 1661 G
655 1639 675 1661 r
688 1639 711 1662 u
725 1625 827 1670 hle,
854 1625 1102 1671 Stauchensis,
1126 1634 1304 1674 quantam
1328 1627 1403 1662 vim
1422 1627 1557 1661 habeat
1577 1629 1898 1667 consuetudocum

326 1677 415 1711 viris
447 1674 674 1722 sapientibus
701 1680 737 1708 et
762 1672 889 1719 probis
920 1673 1371 1754 {ptirrpgthtggegpimosque
1394 1673 1611 1725 hominum,
1639 1676 1807 1710 oratioue

326 1818 397 1853 His
422 1818 534 1864 igitur
560 1817 725 1864 optimae
750 1817 832 1864 spei
856 1818 1051 1854 iuvenibus
1075 1825 1117 1853 ut
1141 1831 1245 1864 eam,
1293 1832 1367 1867 qua
1403 1829 1516 1867 saepe
1547 1817 1637 1853 alias
1675 1831 1901 1868 magnopere

231 1875 358 1911 laetati
383 1887 533 1916 sumus,
581 1873 830 1920 frequentiam
857 1881 894 1909 et
918 1875 1143 1910 audientiam
1169 1877 1373 1923 praebere,
1423 1884 1534 1923 atque
1550 1887 1620 1922 pro
1643 1875 1788 1923 Regis
1813 1881 1900 1913 Au-

232 1932 504 1979 gustissimi
529 1930 648 1965 salute
673 1937 710 1964 et
732 1932 875 1977 patriae
893 1932 1085 1966 universae
1105 1933 1358 1969 incolumitate
1384 1939 1472 1967 vota
1489 1932 1692 1992 ,vobiscum
1714 1933 1901 1980 suscipere

237 1989 373 2031 velint,
406 2000 535 2023 omnes
562 1986 717 2021 omnino
744 1987 843 2022 cives
870 1986 977 2023 huius
1001 1988 1102 2024 urbis
1129 1989 1280 2037 eiusque
1306 1988 1573 2036 accolas,'qui
1597 1989 1706 2025 nobis
1730 1996 1767 2026 et
1789 1991 1901 2028 rebus

237 2044 372 2081 nostris
397 2044 491 2093 ben-e
515 2044 694 2091 cupiunt,
718 2044 769 2079 ita
792 2056 968 2089 rogamus
993 2052 1103 2091 atque
1127 2047 1386 2091 obsecramus,
1410 2054 1451 2081 ut
1468 2046 1539 2081 hoc
1563 2045 1703 2080 favoris
1727 2052 1764 2081 et
1787 2047 1900 2083 bene-

235 2101 423 2141 volentiae
451 2100 744 2144 documentum,
770 2110 844 2146 quo
867 2099 959 2135 nihil
985 2100 1201 2151 disciplinae
1226 2111 1373 2140 nostrae
1396 2101 1556 2142 alumnis
1577 2114 1621 2137 ac
1644 2101 1829 2157 nobismet
1840 2102 1900 2152 ip-

236 2160 284 2194 sis
310 2169 432 2203 neque
456 2157 502 2191 ad
526 2157 761 2203 voluptatem
787 2157 994 2197 iucundius,
1026 2171 1146 2205 neque
1178 2160 1222 2194 ad
1253 2161 1561 2196 existimationem
1592 2159 1899 2202 honorificentius

239 2214 391 2249 evenire
415 2213 576 2260 poterit,
605 2213 708 2247 nulla
726 2225 894 2259 unquam
918 2214 1105 2250 oblivione
1131 2216 1371 2252 obscuratum
1390 2217 1435 2252 iri
1459 2216 1715 2264 spondeamus.
1764 2215 1843 2253 scr.
1860 2217 1899 2257 iu

224 2270 374 2325 *Schola
401 2268 518 2316 Regia
544 2268 692 2305 Arrana
716 2269 806 2317 ipsis
823 2270 1000 2311 >Calendis
1026 2272 1252 2319 Quintilibus
1277 2283 1603 2310 CJOIOCCCX‘XVIII.
